@book{hartshorne-1977,
	address = {New York},
	title = {Algebraic Geometry},
	isbn = {0387902449 3540902449 9783540902447 9780387902449},
	language = {English},
	publisher = {Springer-Verlag},
	author = {Hartshorne, Robin},
	year = {1977}
}


@book{matsumura-1989,
	title = {Commutative Ring Theory},
	isbn = {0521367646},
	publisher = {Cambridge University Press},
	author = {Matsumura, Hideyuki},
	translator = {Reid, Miles},
	month = jun,
	year = {1989}
}